<?xml version="1.0" encoding="UTF-8"?><collection xmlns="http://www.loc.gov/MARC21/slim"><record><leader>00733nam--2200205-i-4500</leader><controlfield tag="001">000049404</controlfield><controlfield tag="002">20161230</controlfield><controlfield tag="005">20161230201047</controlfield><controlfield tag="008">060222s1000------------r-----000-0-eng-d</controlfield><datafield ind1=" " ind2=" " tag="020"><subfield code="a">9971978253</subfield></datafield><datafield ind1=" " ind2=" " tag="040"><subfield code="a">IFIN-HH</subfield></datafield><datafield ind1=" " ind2=" " tag="080"><subfield code="a">539(061.3)</subfield></datafield><datafield ind1="1" ind2=" " tag="100"><subfield code="a">Dietrich, K./S.A.</subfield></datafield><datafield ind1="1" ind2="0" tag="245"><subfield code="a">Winter college on fundamental nuclear physics</subfield><subfield code="b">Proceedings of the winter college on fundamental nuclear physics international centre for theoretical physics, trieste, italy, 7 february - 30 march 1984</subfield><subfield code="c">K. dietrich, m.di toro, h.j. mang (eds.)</subfield></datafield><datafield ind1=" " ind2=" " tag="260"><subfield code="a">Singapore</subfield><subfield code="b">World Scientific</subfield><subfield code="c">1985</subfield></datafield><datafield ind1=" " ind2=" " tag="300"><subfield code="a">3 VOLUME</subfield></datafield><datafield ind1="1" ind2=" " tag="700"><subfield code="a">Mang, H.J</subfield><subfield code="e">Ed</subfield></datafield><datafield ind1="1" ind2=" " tag="787"><subfield code="a">Volume 3</subfield><subfield code="h">Ix+/1317p./1972p</subfield></datafield><datafield ind1=" " ind2=" " tag="852"><subfield code="a">72812</subfield><subfield code="c">539</subfield></datafield><datafield ind1=" " ind2=" " tag="CAT"><subfield code="a">Sys</subfield><subfield code="c">20111013</subfield><subfield code="h">140639</subfield></datafield></record></collection>